@article{Atanassov-1,
author = {Atanassov, K. and Atanassov, L. and Sasselov, D.},
journal = {The Fibonacci Quarterly},
pages = {21-28},
title = {A New Perspective to the Generalization of the Fibonacci Sequence},
volume = {23 (1)},
year = {1985},
}

@article{Atanassov-2,
author = {Atanassov, K. T.},
journal = {The Fibonacci Quarterly},
pages = {362-365},
title = {On a Second New Generalization of the Fibonacci sequence},
volume = {24(4)},
year = {1986},
}

@article{Atanassov-3,
author = {Atanassov, K. T.},
journal = {The Fibonacci Quarterly},
pages = {249-250},
title = {Remark on a New Direction of Generalized Fibonacci Sequence},
volume = {33 (3)},
year = {1995},
}

@article{basin-1,
author = {Basin, S. L.},
journal = {The Fibonacci Quarterly},
pages = {53-56},
title = {The Fibonacci Sequence as it Appears in Nature},
volume = {01 (01)},
year = {1963},
}

@article{basin-2,
author = {Basin, S. L. and Hoggatt, V. E.},
journal = {The Fibonacci Quarterly},
pages = {65-72},
title = {A Primer on the Fibonacci SequenceÂ—Part I},
volume = {01 (01)},
year = {1963},
}

@article{bravo,
author = {Bravo, J. and Luca, F.},
journal = {Journal of Number Theory},
pages = {2121-2137},
title = {Coincidences in Generalized Fibonacci Sequences},
volume = {133 (06)},
year = {2013},
}

@article{fal-1,
author = {Falcon, S. and Plaza, A.},
journal = {{Chaos, Solitons and Fractals}},
pages = {1615-1624},
title = {On the $k$ Fibonacci numbers},
volume = {32(05)},
year = {2007},
}

@article{fal-2,
author = {Falcon, S. and Plaza, A.},
journal = {Chaos, Solitons and Fractals},
pages = {38-49},
title = {The $k$ Fibonacci sequence and the Pascal $2$ triangle},
volume = {33(1)},
year = {2007},
}

@article{fal-3,
author = {Falcon, S. and Plaza, A.},
pages = {409-20},
title = {{\emph{The $k$ Fibonacci hyperbolic functions}}, {Chaos, Solitons and Fractals}},
volume = {38(2)},
year = {2008},
}

@article{fal-4,
author = {Falcon, S. and Plaza, A.},
journal = {{Chaos, Solitons and Fractals}},
pages = {993-1003},
title = {On the $3$ - dimensional $k$ - Fibonacci spirals},
volume = {38},
year = {2008},
}

@article{fal-5,
author = {Falcon, S. and Plaza, A.},
journal = {{Applied Mathematics and Computation}},
pages = {180-185},
title = {On $k $-Fibonacci numbers of arithmetic indexes},
volume = {208 (1)},
year = {2009},
}

@article{fal-6,
author = {Falcon, S. and Plaza, A.},
journal = {Chaos, Solitons and Fractals},
pages = {1005-1019},
title = {On $k$ -Fibonacci sequences and polynomials and their derivatives},
volume = {39(03)},
year = {2009},
}

@article{fal-7,
author = {Falcon, S. and Plaza, A.},
journal = {Intl. J. Contemp. Math. Sci},
pages = {1039-1050},
title = {On the $k$ Lucas numbers},
volume = {6},
year = {2011},
}

@article{Fein-1,
author = {Feinberg, M.},
journal = {The Fibonacci Quarterly},
pages = {70-74},
title = {Fibonacci-Tribonacci},
volume = {01 (03)},
year = {1963},
}

@article{Fein-2,
author = {Feinberg, M.},
journal = {The Fibonacci Quarterly},
pages = {486-490},
title = {A Lucas Triangle},
volume = {05 (05)},
year = {1963},
}

@article{glaister,
author = {Glaister, P.},
journal = {Mathematical Gazette},
pages = {68},
title = {Multiplicative Fibonacci sequences},
volume = {(78)},
year = {1994},
}

@article{hamilton,
author = {Hamilton, W. R.},
journal = {London}},
title = {{Elements of Quaternions}, {Longmans, Green and Co},
year = {1866},
}

@article{Horadam-1,
author = {Horadam, A. F.},
journal = {The Fibonacci Quarterly},
pages = {41-46},
title = {Further Appearance of the Fibonacci Sequence},
volume = {01 (04)},
year = {1963},
}

@article{hope,
author = {Hope, P.},
journal = {The Fibonacci Quarterly},
pages = {164-168},
title = {Exponential Growth of Random Fibonacci Sequences},
volume = {33 (02)},
year = {1994},
}

@article{ipek,
author = {Ipek, A. and Ari, K.},
journal = {Transylvanian Journal of Mathematics and Mechanics},
pages = {137-148},
title = {A New Generalized $(s, t)$ Fibonacci and Matrix Sequences},
volume = {07 (02)},
year = {2015},
}

@article{krishna,
author = {Sharma, K. K. and Panwar, V. and Sharma, S. K.},
journal = {International Journal of Computer Applications},
pages = {28-30},
title = {Generalized Coupled Fibonacci Sequences of $r^{th}$ order and their Properties},
volume = {87 (08)},
year = {2014},
}

@article{marcia,
author = {Marcia Edson and Omer Yayenie},
journal = {Integers},
pages = {639-654},
title = {A New Generalization of Fibonacci Sequence and Extended Binet Formula},
volume = {09 (06)},
year = {2009},
}

@article{singh-shikwal-1,
author = {Singh, M. and Shikhwal, O. and Jain, S.},
journal = {International Journal in Mathematical Analysis},
pages = {1247-1254},
title = {Coupled Fibonacci Sequences of Fifth order and Some Identities},
volume = {4 (25)},
year = {2010},
}

@article{singh-shikwal-2,
author = {Singh, B. and Shikhwal, O.},
journal = {International Journal of Contemporary Mathematical Sciences},
pages = {223-230},
title = {Multiplicative Coupled Fibonacci Sequences and Some Fundamental Properties},
volume = {5(05)},
year = {2010},
}

@article{panwar,
author = {Panwar, K. and Rathore, G. P. S. and Chawla, R.},
journal = {Turkish Journal of Analysis and Number Theory},
pages = {9-12},
title = {On the $k$- Fibonacci Like Numbers},
volume = {02(01)},
year = {2014},
}

@article{yilmaz,
author = {Yazlik, Y. and Yilmaz, N. and Taskara, N.},
journal = {Appl. Math},
pages = {47-50},
title = {{\emph{On the Sums of Powers of k-Fibonacci and k-Lucas Sequences}}, Sel\c{c}uk J},
volume = {Special Issue},
year = {2012},
}

@article{Atanassov-Sasselov,
author = {K. Atanassov and L. Atanassov and D. Sasselov},
journal = {\textbf{},
number = {1},
pages = {21-28},
title = {A\emph{ New Perspective to the Generalization of the Fibonacci Sequence}, The Fibonacci Quarterly},
volume = {23},
year = {1985},
}

@article{Atanassov,
author = {K. T. Atanassov},
journal = {The Fibonacci Quarterly},
pages = {249-250},
title = {Remark on a New Direction of Generalized Fibonacci Sequence},
volume = {33 (3)},
year = {1995},
}

@article{hord,
author = {A. F. Horadam},
journal = {{The Fibonacci Quarterly}},
pages = {61-76},
title = {Basic Properties of a Certain Generalized Sequence of Numbers},
volume = {03(3)},
year = {1965},
}

@article{fil,
author = {P. Filipponi and A. F. Horadam},
journal = {{The Fibonacci Quarterly}},
pages = {115-126},
title = {A Matrix Approach to Certain Identities},
volume = {26(2)},
year = {1988},
}

@article{goul,
author = {H. W. Gould},
journal = {{The Fibonacci Quarterly }},
pages = {250-57},
title = {A History of the Fibonacci $q$ - Matrix and a Higher - Dimensional Problem},
volume = {19(3)},
year = {1981},
}

@article{af,
author = {A. F. Horadam},
journal = {{The Fibonacci Quarterly}},
pages = {137-148},
title = {Jacobstal Representation of Polynomials},
volume = {35(2)},
year = {1997},
}

@article{wadill,
author = {M. E. Waddill},
journal = {{The Fibonacci Quarterly}},
pages = {381-386},
title = {Matrices and Generalized Fibonacci Sequences},
volume = {55( 12)},
year = {1974},
}

@article{melham,
author = {R. S. Melham},
journal = {The Fibonacci Quarterly},
pages = {248-251},
title = {Sums of certain products of Fbonacci and Lucas Numbers},
volume = {37(3)},
year = {1999},
}

@article{clarly,
author = {S. Clarly and D. Hemenway},
journal = {In Applications of Fibonacci Numbers},
pages = {123-136},
title = {On sums of cubes of Fibonacci Numbers},
volume = {5},
year = {1993},
}

@article{rajesh,
author = {V. Rajesh and G. Leversha},
journal = {Mathematical Gazette},
pages = {85-86},
title = {Some properties of odd terms of the Fibonacci sequence},
volume = {88(11)},
year = {2004},
}

@article{cerin-1,
author = {Z. Cerin},
journal = {Central European Journal of Mathematics},
pages = {1-13},
title = {Alternating sums of Lucas numbers},
volume = {3(1)},
year = {2005},
}

@inproceedings{cerin-2,
author = {Z. Cerin},
booktitle = {Proceedings of the \textbf{$11^{th}$} Fibonacci Conference},
title = {On sums of squares of odd and even terms of the Lucas sequence},
year = {2005},
}

@article{cerin-3,
author = {Z. Cerin},
journal = {Demonstratio Mathematica},
pages = {55-60},
title = {Properties of odd and even terms of the Fibonacci sequence},
volume = {39(1)},
year = {2006},
}

@article{chen,
author = {A. Chen and H. Chen},
journal = {International Journal of Mathematical Education},
pages = {534-541},
title = {Identities for the Fibonacci Powers},
volume = {39(4)},
year = {2008},
}

@article{benj,
author = {A. T. Benjamin and J. J. Quinn},
journal = {College Math. J.},
pages = {359-366},
title = {Recounting Fibonacci and Lucas identities},
volume = {30(5)},
year = {1999},
}

@article{kalman,
author = {D. Kalman and R. Mena},
journal = {Math Mag},
pages = {167-81},
title = {The Fibonacci numbers - exposed},
volume = {76},
year = {2003},
}

@article{jenning,
author = {D. Jennings},
journal = {The Fibonacci Quarterly},
pages = {18-21},
title = {On sums the reciprocals of Fibonacci and Lucas Numbers},
volume = {32(1)},
year = {1994},
}

@book{koshy,
author = {T. Koshy},
publisher = {Wiley- Intersection Publication},
title = {Fibonacci and Lucas numbers with applications},
year = {2001},
}

@article{slone,
author = {N. J. Sloane},
title = {{The on-line encyclopedia of integer sequences}},
volume = {2006},
}

@book{strg,
author = {G. Strang},
publisher = {{Wellesley -- Cambridge, Wellesley, M. A. Publication} }},
title = {Introduction to Linear Algebra},
year = {2003},
}

@book{vaj,
author = {S. Vajda},
publisher = {{Chichester, Ellis Horwood,} }},
title = {Fibonacci and Lucas numbers and the Golden Section: Theory and applications},
year = {1989},
}

