@article{Atanassov-1,
author = {Atanassov, K. and Atanassov, L. and Sasselov, D.},
journal = {The Fibonacci Quarterly},
pages = {21-28},
title = {A New Perspective to the Generalization of the Fibonacci Sequence},
volume = {23 (1)},
year = {1985},
}

@article{Atanassov-2,
author = {Atanassov, K. T.},
journal = {The Fibonacci Quarterly},
pages = {362-365},
title = {On a Second New Generalization of the Fibonacci sequence},
volume = {24(4)},
year = {1986},
}

@article{Atanassov-3,
author = {Atanassov, K. T.},
journal = {The Fibonacci Quarterly},
pages = {249-250},
title = {Remark on a New Direction of Generalized Fibonacci Sequence},
volume = {33 (3)},
year = {1995},
}

@article{basin-1,
author = {Basin, S. L.},
journal = {The Fibonacci Quarterly},
pages = {53-56},
title = {The Fibonacci Sequence as it Appears in Nature},
volume = {01 (01)},
year = {1963},
}

@article{basin-2,
author = {Basin, S. L. and Hoggatt, V. E.},
journal = {The Fibonacci Quarterly},
pages = {65-72},
title = {A Primer on the Fibonacci Sequence�Part I},
volume = {01 (01)},
year = {1963},
}

@article{bravo,
author = {Bravo, J. and Luca, F.},
journal = {Journal of Number Theory},
pages = {2121-2137},
title = {Coincidences in Generalized Fibonacci Sequences},
volume = {133 (06)},
year = {2013},
}

@article{fal-1,
author = {Falcon, S. and Plaza, A.},
journal = {{Chaos, Solitons and Fractals}},
pages = {1615-1624},
title = {On the $k$ Fibonacci numbers},
volume = {32(05)},
year = {2007},
}

@article{fal-2,
author = {Falcon, S. and Plaza, A.},
journal = {Chaos, Solitons and Fractals},
pages = {38-49},
title = {The $k$ Fibonacci sequence and the Pascal $2$ triangle},
volume = {33(1)},
year = {2007},
}

@article{fal-3,
author = {Falcon, S. and Plaza, A.},
pages = {409-20},
title = {{\emph{The $k$ Fibonacci hyperbolic functions}}, {Chaos, Solitons and Fractals}},
volume = {38(2)},
year = {2008},
}

@article{fal-4,
author = {Falcon, S. and Plaza, A.},
journal = {{Chaos, Solitons and Fractals}},
pages = {993-1003},
title = {On the $3$ - dimensional $k$ - Fibonacci spirals},
volume = {38},
year = {2008},
}

@article{fal-5,
author = {Falcon, S. and Plaza, A.},
journal = {{Applied Mathematics and Computation}},
pages = {180-185},
title = {On $k $-Fibonacci numbers of arithmetic indexes},
volume = {208 (1)},
year = {2009},
}

@article{fal-6,
author = {Falcon, S. and Plaza, A.},
journal = {Chaos, Solitons and Fractals},
pages = {1005-1019},
title = {On $k$ -Fibonacci sequences and polynomials and their derivatives},
volume = {39(03)},
year = {2009},
}

@article{fal-7,
author = {Falcon, S. and Plaza, A.},
journal = {Intl. J. Contemp. Math. Sci},
pages = {1039-1050},
title = {On the $k$ Lucas numbers},
volume = {6},
year = {2011},
}

@article{Fein-1,
author = {Feinberg, M.},
journal = {The Fibonacci Quarterly},
pages = {70-74},
title = {Fibonacci-Tribonacci},
volume = {01 (03)},
year = {1963},
}

@article{Fein-2,
author = {Feinberg, M.},
journal = {The Fibonacci Quarterly},
pages = {486-490},
title = {A Lucas Triangle},
volume = {05 (05)},
year = {1963},
}

@article{glaister,
author = {Glaister, P.},
journal = {Mathematical Gazette},
title = {Multiplicative Fibonacci sequences},
volume = {(78)},
year = {1994},
unidentified = {68},
}

@article{hamilton,
author = {Hamilton, W. R.},
journal = {London}},
title = {{Elements of Quaternions}, {Longmans, Green and Co},
year = {1866},
}

@article{Horadam-1,
author = {Horadam, A. F.},
journal = {The Fibonacci Quarterly},
pages = {41-46},
title = {Further Appearance of the Fibonacci Sequence},
volume = {01 (04)},
year = {1963},
}

@article{hope,
author = {Hope, P.},
journal = {The Fibonacci Quarterly},
pages = {164-168},
title = {Exponential Growth of Random Fibonacci Sequences},
volume = {33 (02)},
year = {1994},
}

@article{ipek,
author = {Ipek, A. and Ari, K.},
journal = {Transylvanian Journal of Mathematics and Mechanics},
pages = {137-148},
title = {A New Generalized $(s, t)$ Fibonacci and Matrix Sequences},
volume = {07 (02)},
year = {2015},
}

@article{krishna,
author = {Sharma, K. K. and Panwar, V. and Sharma, S. K.},
journal = {International Journal of Computer Applications},
pages = {28-30},
title = {Generalized Coupled Fibonacci Sequences of $r^{th}$ order and their Properties},
volume = {87 (08)},
year = {2014},
}

@article{marcia,
author = {Marcia Edson and Omer Yayenie},
journal = {Integers},
pages = {639-654},
title = {A New Generalization of Fibonacci Sequence and Extended Binet Formula},
volume = {09 (06)},
year = {2009},
}

@article{singh-shikwal-1,
author = {Singh, M. and Shikhwal, O. and Jain, S.},
journal = {International Journal in Mathematical Analysis},
pages = {1247-1254},
title = {Coupled Fibonacci Sequences of Fifth order and Some Identities},
volume = {4 (25)},
year = {2010},
}

@article{singh-shikwal-2,
author = {Singh, B. and Shikhwal, O.},
journal = {International Journal of Contemporary Mathematical Sciences},
pages = {223-230},
title = {Multiplicative Coupled Fibonacci Sequences and Some Fundamental Properties},
volume = {5(05)},
year = {2010},
}

@article{panwar,
author = {Panwar, K. and Rathore, G. P. S. and Chawla, R.},
journal = {Turkish Journal of Analysis and Number Theory},
pages = {9-12},
title = {On the $k$- Fibonacci Like Numbers},
volume = {02(01)},
year = {2014},
}

@article{yilmaz,
author = {Yazlik, Y. and Yilmaz, N. and Taskara, N.},
journal = {Appl. Math},
pages = {47-50},
title = {{\emph{On the Sums of Powers of k-Fibonacci and k-Lucas Sequences}}, Sel�uk J},
volume = {Special Issue},
year = {2012},
}

@article{Atanassov-Sasselov,
author = {K. Atanassov and L. Atanassov and D. Sasselov},
journal = {\textbf{},
number = {1},
pages = {21-28},
title = {A\emph{ New Perspective to the Generalization of the Fibonacci Sequence}, The Fibonacci Quarterly},
volume = {23},
year = {1985},
}

@article{Atanassov,
author = {K. T. Atanassov},
journal = {The Fibonacci Quarterly},
pages = {249-250},
title = {Remark on a New Direction of Generalized Fibonacci Sequence},
volume = {33 (3)},
year = {1995},
}

@article{hord,
author = {A. F. Horadam},
journal = {{The Fibonacci Quarterly}},
pages = {61-76},
title = {Basic Properties of a Certain Generalized Sequence of Numbers},
volume = {03(3)},
year = {1965},
}

@article{fil,
author = {P. Filipponi and A. F. Horadam},
journal = {{The Fibonacci Quarterly}},
pages = {115-126},
title = {A Matrix Approach to Certain Identities},
volume = {26(2)},
year = {1988},
}

@article{goul,
author = {H. W. Gould},
journal = {{The Fibonacci Quarterly }},
pages = {250-57},
title = {A History of the Fibonacci $q$ - Matrix and a Higher - Dimensional Problem},
volume = {19(3},
year = {1981},
unidentified = {)},
}

@article{af,
author = {A. F. Horadam},
journal = {{The Fibonacci Quarterly}},
pages = {137-148},
title = {Jacobstal Representation of Polynomials},
volume = {35(2)},
year = {1997},
}

@article{wadill,
author = {M. E. Waddill},
journal = {{The Fibonacci Quarterly}},
pages = {381-386},
title = {Matrices and Generalized Fibonacci Sequences},
volume = {55( 12)},
year = {1974},
}

@article{melham,
author = {R. S. Melham},
journal = {The Fibonacci Quarterly},
pages = {248-251},
title = {Sums of certain products of Fbonacci and Lucas Numbers},
volume = {37(3)},
year = {1999},
}

@article{clarly,
author = {S. Clarly and D. Hemenway},
journal = {In Applications of Fibonacci Numbers},
pages = {123-136},
title = {On sums of cubes of Fibonacci Numbers},
volume = {5},
year = {1993},
}

@article{rajesh,
author = {V. Rajesh and G. Leversha},
journal = {Mathematical Gazette},
pages = {85-86},
title = {Some properties of odd terms of the Fibonacci sequence},
volume = {88(11)},
year = {2004},
}

@article{cerin-1,
author = {Z. Cerin},
journal = {Central European Journal of Mathematics},
pages = {1-13},
title = {Alternating sums of Lucas numbers},
volume = {3(1)},
year = {2005},
}

@inproceedings{cerin-2,
author = {Z. Cerin},
booktitle = {Proceedings of the \textbf{$11^{th}$} Fibonacci Conference},
title = {On sums of squares of odd and even terms of the Lucas sequence},
year = {2005},
}

@article{cerin-3,
author = {Z. Cerin},
journal = {Demonstratio Mathematica},
pages = {55-60},
title = {Properties of odd and even terms of the Fibonacci sequence},
volume = {39(1)},
year = {2006},
}

@article{chen,
author = {A. Chen and H. Chen},
journal = {International Journal of Mathematical Education},
pages = {534-541},
title = {Identities for the Fibonacci Powers},
volume = {39(4)},
year = {2008},
}

@article{benj,
author = {A. T. Benjamin and J. J. Quinn},
journal = {College Math},
pages = {359-366},
title = {Recounting Fibonacci and Lucas identities},
volume = {30(5)},
year = {1999},
unidentified = {J},
}

@article{kalman,
author = {D. Kalman and R. Mena},
journal = {Math Mag},
pages = {167-81},
title = {The Fibonacci numbers - exposed},
volume = {76},
year = {2003},
}

@article{jenning,
author = {D. Jennings},
journal = {The Fibonacci Quarterly},
pages = {18-21},
title = {On sums the reciprocals of Fibonacci and Lucas Numbers},
volume = {32(1)},
year = {1994},
}

@book{koshy,
address = {- Intersection Publication},
author = {T. Koshy},
publisher = {Wiley},
title = {Fibonacci and Lucas numbers with applications},
year = {2001},
}

@article{slone,
author = {N. J. Sloane},
journal = {{The on-line encyclopedia of integer sequences}},
volume = {2006},
}

@book{strg,
address = {{Wellesley -- Cambridge},
author = {G. Strang},
publisher = {Wellesley, M. A. Publication} }},
title = {Introduction to Linear Algebra},
year = {2003},
}

@book{vaj,
address = {{Chichester},
author = {S. Vajda},
publisher = {Ellis Horwood,} }},
title = {Fibonacci and Lucas numbers and the Golden Section: Theory and applications},
year = {1989},
}

@article{kal,
author = {D. Kalman},
journal = {Fibonacci Quarterly},
number = {1},
pages = {73-76},
title = {Generalized Fibonacci numbers by matrix methods},
volume = {20},
year = {1982},
unidentified = {)},
}

@phdthesis{bol,
author = {C. Bolat},
school = {{M. S. Thesis, Selcuk University},  Konya, Turkey},
title = {Properties and applications of $k$ -Fibonacci, $k$-Lucas numbers},
year = {2008},
}

@article{ya,
author = {O. Yayenie},
journal = {Applied Mathematics and Computation},
number = {12},
pages = {5603-5611},
title = {A note on generalized Fibonacci sequences},
volume = {217},
year = {2011},
}

@article{sr,
author = {F. Sergio},
journal = {Journal of Mathematics Research},
number = {2},
pages = {97-100},
title = {Generalized Fibonacci sequences generated from a k-Fibonacci sequence},
volume = {4},
year = {2012},
}

@article{hr,
author = {A. F. Horadam},
journal = {The American Mathematical Monthly},
number = {5},
pages = {455-459},
title = {A generalized Fibonacci sequence},
volume = {68},
year = {1961},
}

@article{hk,
author = {S. H. Holliday and T. Komatsu},
journal = {Integers},
title = {On the sum of reciprocal generalized Fibonacci numbers},
volume = {11},
year = {2011},
}

@article{on,
author = {H. Ohtsuka and S. Nakamura},
journal = {Fibonacci Quart.},
pages = {153-159},
title = {On the sum of reciprocal sums of Fibonacci numbers},
volume = {46/47},
year = {2008/2009},
}

@article{kol,
author = {T. Komatsu and V. Laohakosol},
journal = {J. Integer Sequences},
title = {On the sum of reciprocals of numbers satisfying a recurrence relation of order $s$},
volume = {13},
year = {2010},
}

@article{ku,
author = {K. Kuhapatanakul},
journal = {J. Integer Sequences},
title = {On the sums of reciprocal generalized Fibonacci numbers},
volume = {16},
year = {2013},
}

@book{ku1,
author = {K. Kuhapatanakul},
publisher = {SpringerPlus},
title = {Alternating sums of reciprocal generalized Fibonacci numbers},
volume = {485},
year = {2014},
}

@article{sh,
author = {A. G. Shannon and A. F. Horadam},
journal = {Fibonacci Quarterly},
pages = {135-145},
title = {Some properties of third-order recurrence relations},
volume = {10},
year = {1972},
}

@article{zh,
author = {G. J. Zhang},
journal = {J. Math. Res. Expo.},
pages = {1030-1034},
title = {The infinite sum of reciprocal of Fibonacci numbers},
volume = {31},
year = {2011},
}

@book{Hv,
address = {Palo Alto, CA: Houghton},
author = {V. E. Hoggat},
title = {Fibonacci and Lucas numbers},
year = {1969},
}

@article{2,
author = {L. Carlitz and H. H. Ferns},
journal = {The Fibonacci Quarterly},
number = {1},
pages = {61-73},
title = {{``Some Fibonacci and Lucas Identities"}},
volume = {8},
year = {1970},
}

@article{3,
author = {Zhizheng Zhang},
journal = {The Fibonacci Quarterly},
number = {3},
pages = {265-68},
title = {{``Some Identities Involving Generalized Second-Order Integer Sequences"}},
volume = {35},
year = {1997},
}

@article{8,
author = {Paula Catarino and P. Vasco},
journal = {Int. Journal of Math. Analysis},
number = {45},
pages = {2209-2215},
title = {Some basic properties and a two-by-two matrix involving the $k$-Pell numbers},
volume = {7},
year = {2013},
}

@unpublished{13,
}

@article{6,
author = {Waddill, E. Marcellus and Louis Sacks},
journal = {The Fibonacci Quarterly},
number = {03},
pages = {209-222},
title = {{``Another generalized Fibonacci sequence"}},
volume = {5},
year = {1967},
}

@book{14,
address = {Addison-Wesley Publ. Co, Reading, MA, Edition},
author = {H. Goldstein},
title = {``Classical mechanics"},
year = {1980},
}

@book{15,
author = {S. L. Altmann},
publisher = {Clarendon Press Oxford},
title = {``Rotations quaternions, and double groups"},
year = {1986},
}

@article{16,
author = {H. P. Fritzer},
journal = {pectrochim. Acta Part A},
pages = {1919-1930},
title = {{``Molecular symmetry with quaternions"}},
volume = {57},
year = {2001},
}

@book{17,
address = {New York},
author = {M. Tinkham},
publisher = {McGraw-Hill},
title = {{``Group theory and quantum mechanics"}},
year = {1964},
}

@article{18,
author = {A. F. Horadam},
journal = {Am. Math. Mon},
pages = {289-291},
title = {{``Complex Fibonacci numbers and Fibonacci quaternions"}},
volume = {70},
year = {1963},
}

@article{19,
author = {J. L. Ramirez},
journal = {An. St. Univ. Ovidius Constanta},
pages = {201-212},
title = {{``Some combinatorial properties of the k-Fibonacci and the $k$-Lucas quaternions"}},
volume = {23},
year = {2015},
}

@article{20,
author = {M. R. Iyer},
journal = {Fibonacci Quarterly},
title = {{``Some results on Fibonacci quaternions"}},
volume = {7},
year = {1969},
unidentified = {201-210},
}

@article{21,
author = {M. R. Iyer},
journal = {Fibonacci Quarterly},
pages = {225-229},
title = {{``A note on Fibonacci quaternions"}},
volume = {7},
year = {1969},
}

@article{22,
author = {S. Halici},
journal = {Adv. Appl. Clifford Algebras},
pages = {321-327},
title = {{``On Fibonacci quaternions"}},
volume = {22},
year = {2012},
}

@article{23,
author = {M. Akyigit,H. H. Kosal and M. Tosun},
journal = {Adv. Appl. Clifford Algebras},
pages = {535-545},
title = {``Split Fibonacci quaternions"},
volume = {23},
year = {2013},
}

@article{24,
author = {M. Akyigit,H. H. Kosal and M. Tosun},
journal = {Adv. Appl. Clifford Algebras},
pages = {631-641},
title = {``Fibonacci generalized quaternions"},
volume = {24},
year = {2014},
}

@article{25,
author = {P. Catarino},
journal = {Chaos Solitons Fractals},
pages = {1-5},
title = {{``A note on $h(x)$- Fibonacci quaternion polynomials"}},
volume = {77},
year = {2015},
}

@article{26,
author = {E. Polatli and S. Kesim},
journal = {Adv. Differ. Equations},
pages = {1-8},
title = {{``On quaternions with generalized Fibonacci and Lucas number components"}},
volume = {1},
year = {2015},
}

@book{27,
author = {W. R. Hamilton},
publisher = {Longmans, Green and Co., London},
title = {``Elements of Quaternions"},
year = {1866},
}

@article{28,
author = {A. Cariow and G. Cariow and J. Knapiski},
journal = {arXiv:1502.06250},
pages = {1-15},
title = {{``Derivation of a low multiplicative complexity algorithm for multiplying hyperbolic octonions"}},
year = {2015},
}

@article{13,
author = {S.Ugyun,  and H. Eldogan},
journal = {International Mathematical Forum},
number = {3},
pages = {145-154},
title = {$k$-Jacobsthal and $k$-Jacobsthal Lucas matrix sequences},
volume = {11},
year = {2016},
}

